<?xml version="1.0" encoding="UTF-8"?>
<record xmlns="http://www.loc.gov/MARC21/slim">
   <leader>00750cam a22002291a 4500</leader>
   <controlfield tag="001">3203231</controlfield>
   <controlfield tag="003">NjP</controlfield>
   <controlfield tag="005">20171214170501.0</controlfield>
   <controlfield tag="008">961113q19601969sy            000 0 ara  </controlfield>
   <datafield tag="024" ind1="7" ind2=" ">
      <subfield code="a">princeton_aco004799</subfield>
      <subfield code="2">local</subfield>
   </datafield>
   <datafield ind1=" " ind2=" " tag="010">
      <subfield code="a">   64002238 </subfield>
   </datafield>
   <datafield ind1=" " ind2=" " tag="035">
      <subfield code="a">(OCoLC)81932324</subfield>
   </datafield>
   <datafield ind1=" " ind2=" " tag="035">
      <subfield code="a">(MH)MHBJB76790HU</subfield>
   </datafield>
   <datafield ind1=" " ind2=" " tag="035">
      <subfield code="a">(CStRLIN)MAHGBJB76790-B</subfield>
   </datafield>
   <datafield ind1=" " ind2=" " tag="035">
      <subfield code="a">58057</subfield>
   </datafield>
   <datafield ind1=" " ind2=" " tag="040">
      <subfield code="a">DLC</subfield>
      <subfield code="c">DLC</subfield>
      <subfield code="d">MH</subfield>
      <subfield code="d">CStRLIN</subfield>
      <subfield code="d">NjP</subfield>
   </datafield>
   <datafield ind1="1" ind2=" " tag="100">
      <subfield code="a">Naḥlāwī, ʻAbd al-Raḥmān.</subfield>
   </datafield>
   <datafield ind1="1" ind2="0" tag="245">
      <subfield code="a">Usus al-tarbiyah al-Islāmīyah wa-uṣūl tadrīsihā /</subfield>
      <subfield code="c">[taʾlīf] ʻAbd al-Raḥmān Naḥlāwī.</subfield>
   </datafield>
   <datafield ind1=" " ind2=" " tag="260">
      <subfield code="a">Dimashq :</subfield>
      <subfield code="b">Dār al-Fikr,</subfield>
      <subfield code="c">[196-]</subfield>
   </datafield>
   <datafield ind1=" " ind2=" " tag="300">
      <subfield code="a">192 p. ;</subfield>
      <subfield code="c">25 cm.</subfield>
   </datafield>
   <datafield ind1=" " ind2="0" tag="650">
      <subfield code="a">Islamic education.</subfield>
      <subfield code="0">http://id.loc.gov/authorities/subjects/sh85068397</subfield>
   </datafield>
   <datafield ind1=" " ind2=" " tag="901">
      <subfield code="a">x</subfield>
   </datafield>
   <datafield ind1=" " ind2=" " tag="902">
      <subfield code="a">jab/con</subfield>
   </datafield>
   <datafield ind1="0" ind2=" " tag="852">
      <subfield code="0">6452888</subfield>
      <subfield code="b">rcppa</subfield>
      <subfield code="h">LC903</subfield>
      <subfield code="i">.N334 1960z</subfield>
      <subfield code="x">tr fr nec</subfield>
   </datafield>
   <datafield ind1=" " ind2=" " tag="959">
      <subfield code="a">2011-03-21 13:29:49 -0500</subfield>
   </datafield>
</record>
